@INPROCEEDINGS{8217950,  author={Hung, Che-Lun and Tang, Chuan Yi},  booktitle={2017 IEEE International Conference on Bioinformatics and Biomedicine (BIBM)},   title={Bioinformatics tools with deep learning based on GPU},   year={2017},  volume={},  number={},  pages={1906-1908},  doi={10.1109/BIBM.2017.8217950}}

@INPROCEEDINGS{7530222,  author={Jose, Shary and Nair, Prashant and Biju, Vinai George and Mathew, Blessy Baby and Prashanth, C. M.},  booktitle={2016 International Conference on Circuit, Power and Computing Technologies (ICCPCT)},   title={Hidden Markov Model: Application towards genomic analysis},   year={2016},  volume={},  number={},  pages={1-7},  doi={10.1109/ICCPCT.2016.7530222}}

@ARTICLE{4609376,  author={Chowdhury, Rezaul Alan and Le, Hai-Son and Ramachandran, Vijaya},  journal={IEEE/ACM Transactions on Computational Biology and Bioinformatics},   title={Cache-Oblivious Dynamic Programming for Bioinformatics},   year={2010},  volume={7},  number={3},  pages={495-510},  doi={10.1109/TCBB.2008.94}}

@article{ctx28867828220006531,
author = {Gadelha, Luiz M R and Siracusa, Pedro C and Dalcin, Eduardo Couto and Silva, Luís Alexandre Estevão and Augusto, Douglas A and Krempser, Eduardo and Affe, Helen Michelle and Costa, Raquel Lopes and Mondelli, Maria Luiza and Meirelles, Pedro Milet and Thompson, Fabiano and Chame, Marcia and Ziviani, Artur and Siqueira, Marinez Ferreira},
address = {[Hoboken, N.J.] :},
issn = {1942-4787},
journal = {WIREs Data Mining and Knowledge Discovery},
lccn = {2008215406},
number = {1},
publisher = {John Wiley & Sons,},
title = {A survey of biodiversity informatics: Concepts, practices, and challenges},
volume = {11},
year = {2021-01},
}

@article{Nguyen2022,
  doi = {10.1038/s41598-022-11693-9},
  url = {https://doi.org/10.1038/s41598-022-11693-9},
  year = {2022},
  month = may,
  publisher = {Springer Science and Business Media {LLC}},
  volume = {12},
  number = {1},
  author = {Duc Q. Nguyen and Nghia Q. Vo and Thinh T. Nguyen and Khuong Nguyen-An and Quang H. Nguyen and Dang N. Tran and Tho T. Quan},
  title = {{BeCaked}: An Explainable Artificial Intelligence Model for {COVID}-19  Forecasting},
  journal = {Scientific Reports}
}

@article{Gauthier2018,
  doi = {10.1093/bib/bby063},
  url = {https://doi.org/10.1093/bib/bby063},
  year = {2018},
  month = aug,
  publisher = {Oxford University Press ({OUP})},
  volume = {20},
  number = {6},
  pages = {1981--1996},
  author = {Jeff Gauthier and Antony T Vincent and Steve J Charette and Nicolas Derome},
  title = {A brief history of bioinformatics},
  journal = {Briefings in Bioinformatics}
}

 @article{hallman_robinson_2020, title={Comparing multi- and single-scale species distribution and abundance models built with the boosted regression tree algorithm}, volume={35}, DOI={10.1007/s10980-020-01007-7}, number={5}, journal={Landscape Ecology}, author={Hallman, Tyler A. and Robinson, W. Douglas}, year={2020}, pages={1161–1174}} 
 
  @misc{wikimedia_commons,
  title={Hidden Markov Model}, url={https://commons.wikimedia.org/wiki/File:HiddenMarkovModel.svg},
  journal={Wikimedia Commons}
  } 
  
  @inbook{Standford_HMM_Notes, 
  author = {Daniel Jurafsky, James H. Martin},
  title ="Hidden Markov Models",
  booktitle = "Speech and Language Processing", 
  year = "December 29, 2021" 
  }
  
  @article{Kitano2013,
  doi = {10.1371/journal.pone.0062989},
  url = {https://doi.org/10.1371/journal.pone.0062989},
  year = {2013},
  month = may,
  publisher = {Public Library of Science ({PLoS})},
  volume = {8},
  number = {5},
  pages = {e62989},
  author = {Shiro Kitano and Jamie Myers and Junko Nakamura and Akio Yamane and Mami Yamashita and Masato Nakayama and Yusuke Tsukahara and Hiroshi Ushida and Wanqing Liu and Mark J. Ratain and Masahiko Amano},
  editor = {Anthony WI. Lo},
  title = {A Novel Fully Automated Molecular Diagnostic System ({AMDS}) for Colorectal Cancer Mutation Detection},
  journal = {{PLoS} {ONE}}
}

@article{GOTOH1999,
  doi = {10.1016/s0065-227x(99)80007-0},
  url = {https://doi.org/10.1016/s0065-227x(99)80007-0},
  year = {1999},
  publisher = {Elsevier {BV}},
  volume = {36},
  pages = {159--206},
  author = {O GOTOH},
  title = {Multiple sequence alignment: Algorithms and applications},
  journal = {Advances in Biophysics}
}

 @misc{genome.gov_2021, title={DNA sequencing costs: Data}, url={https://www.genome.gov/about-genomics/fact-sheets/DNA-Sequencing-Costs-Data}, journal={Genome.gov}, publisher={National Human Genome Research Institute}, year={2021}} 
 @article{Akgn2015,
  doi = {10.1016/j.jbi.2015.05.022},
  url = {https://doi.org/10.1016/j.jbi.2015.05.022},
  year = {2015},
  month = aug,
  publisher = {Elsevier {BV}},
  volume = {56},
  pages = {103--111},
  author = {Mete Akg\"{u}n and A. Osman Bayrak and Bugra Ozer and M. {\c{S}}amil Sa{\u{g}}{\i}ro{\u{g}}lu},
  title = {Privacy preserving processing of genomic data: A survey},
  journal = {Journal of Biomedical Informatics}
}

@article{Althubaiti2019,
  doi = {10.1038/s41598-019-53454-1},
  url = {https://doi.org/10.1038/s41598-019-53454-1},
  year = {2019},
  month = nov,
  publisher = {Springer Science and Business Media {LLC}},
  volume = {9},
  number = {1},
  author = {Sara Althubaiti and Andreas Karwath and Ashraf Dallol and Adeeb Noor and Shadi Salem Alkhayyat and Rolina Alwassia and Katsuhiko Mineta and Takashi Gojobori and Andrew D. Beggs and Paul N. Schofield and Georgios V. Gkoutos and Robert Hoehndorf},
  title = {Ontology-based prediction of cancer driver genes},
  journal = {Scientific Reports}
}